@article{bubeck2015convex,
	title        = {Convex optimization: Algorithms and complexity},
	author       = {Bubeck, S{\'e}bastien and others},
	year         = 2015,
	journal      = {Foundations and Trends{\textregistered} in Machine Learning},
	publisher    = {Now Publishers, Inc.},
	volume       = 8,
	number       = {3-4},
	pages        = {231--357}
}
